@Manual{R,
  title = {R: A Language and Environment for Statistical Computing},
  author = {{R Core Team}},
  organization = {R Foundation for Statistical Computing},
  address = {Vienna, Austria},
  year = {2022},
  url = {https://www.R-project.org/},
}

@Manual{epinow2,
  title = {EpiNow2: Estimate Real-Time Case Counts and Time-Varying Epidemiological Parameters},
  author = {Sam Abbott and Joel Hellewell and Katharine Sherratt and Katelyn Gostic and Joe Hickson and Hamada S. Badr and Michael DeWitt and Robin Thompson and {EpiForecasts} and Sebastian Funk},
  year = {2020},
  doi = {10.5281/zenodo.3957489},
}